<?xml version="1.0" encoding="UTF-8"?><collection xmlns="http://www.loc.gov/MARC21/slim"><record><leader>00448nam--2200133-i-4500</leader><controlfield tag="001">000048834</controlfield><controlfield tag="002">20161230</controlfield><controlfield tag="005">20161230201047</controlfield><controlfield tag="008">060222s1000------------r-----000-0-eng-d</controlfield><datafield ind1=" " ind2=" " tag="080"><subfield code="a">541.515:547.1(061.3)</subfield></datafield><datafield ind1=" " ind2=" " tag="245"><subfield code="a">Radicaux libres organiques. aix-en-provence 17-23 juillet 1977. 2nd international symposium on organic free radicals</subfield></datafield><datafield ind1=" " ind2=" " tag="260"><subfield code="a">Paris, Editions Du C.N.R.S., 1978, 549p</subfield></datafield><datafield ind1=" " ind2=" " tag="490"><subfield code="a">Colloques Internationaux Du C..R.S</subfield></datafield><datafield ind1=" " ind2=" " tag="852"><subfield code="a">74043</subfield></datafield></record></collection>